@inproceedings{Sen:2008:RDR:1375581.1375584,
 author = {Sen, Koushik},
 title = {Race Directed Random Testing of Concurrent Programs},
 booktitle = {Proceedings of the 29th ACM SIGPLAN Conference on Programming Language Design and Implementation},
 series = {PLDI '08},
 year = {2008},
 isbn = {978-1-59593-860-2},
 location = {Tucson, AZ, USA},
 pages = {11--21},
 numpages = {11},
 url = {http://doi.acm.org/10.1145/1375581.1375584},
 doi = {10.1145/1375581.1375584},
 acmid = {1375584},
 publisher = {ACM},
 address = {New York, NY, USA},
 keywords = {concurrency, dynamic analysis, race detection, random testing},
} 

@misc{clang,
  author = {{Clang}},
  title = {{Clang official website}},
  howpublished = "\url{https://clang.llvm.org/docs/HowToSetupToolingForLLVM.html}",
  year = {2018}, 
  note = "[Online; accessed November-2019]"
}

@inproceedings{Bruce2018RN1,
  title={RN / 18 / 04 Towards automatic generation and insertion of OpenACC directives April 12 , 2018},
  author={Bobby R. Bruce and Justyna Petke},
  year={2018}
}

@misc{miniCS,
  author = {{Hyunsu Kim, Jaemin Yu, Doam Lee, Jaemin Choi, Heeju Wi}},
  title = {MiniCS},
  howpublished = "\url{https://github.com/hyunsukimsokcho/miniCS}",
  year = {2019}, 
  note = "[Online; accessed December-2019]"
}